@article{crow,
    author = {M. E. Crow},
    title = {Aerodynamic sound emission as a singular perturbation problem},
    journal = {Stud. Appl. Math},
    year = 1968,
    volume = 29,
    pages = {21-44},
}

@article{baylor,
   author = {G. I. Baylor},
   title = {Up, up and away},
   journal = {Proc. Roy. Soc., London A},
   year = 1959,
   volume = 294,
   pages = {456-475},
}

@book{dole,
    author = {Julian D. Dole},
    title = {Perturbation Methods in Applied Mathematics},
    publisher = {Winsdell Publishing Company},
    address = {New York},
    year = 1967,
}

@article{fabnis,
    author = {J. S. Fabnis and H. J. Giblet and H. McDormand},
    title = {Navier-stokes analysis of solid rocket motor internal flow},
    journal = {J. Prop. and Power},
    year = 1980,
    volume = 2,
    pages = {157-164},
}

@article{guillot,
    author = {F. Guillot and Z. Javalon},
    title = {Acoustic boundary layers in propellant rocket motors},
    journal = {J. Prop. and Power},
    year = 1989,
    volume = 5,
    pages = {331-339},
}

@phdthesis{lao:thesis,
    author = {Henry Lao},
    title = {Linear Acoustic Processes in Rocket Engines},
    school = {University of Colorado at Boulder},
    year = 1979,
}

@article{lao:paper,
    author = {Q. Lao and M. N. Cassoy, and K. Kirkpatrick},
    title = {Acoustically generated vorticity from internal flow},
    journal = {J. Fluid Mechanics},
    year = 1996,
    volume = 2,
    pages = {122-133},
}

@article{lao:97,
    author = {Q. Lao and D. R. Kassoy and K. Kirkkopru},
    title = {Nonlinear acoustic processes in rocket engines},
    journal = {J. Fluid Mechanics},
    year = 1997,
    volume = 3,
    pages = {245-261},
}

@article{mulick,
    author = {F. C. Mulick},
    title = {Rotational axisymmetric mean flow and damping of acoustic waves in a solid propellant},
    journal = {AIAA J.},
    year = 1964,
    volume = 3,
    pages = {1062-1063},
}

@article{mulick75,
    author = {F. C. Mulick},
    title = {Stability of four-dimensional motions in a combustion chamber},
    journal = {Comb. Sci. Tech.},
    year = 1981,
    volume = 19,
    pages = {99-124},
}

@article{richards,
    author = {R. S. Richards and A. M. Brown},
    title = {Coupling between acoustic velocity oscillations and solid propellant combustion},
    journal = {J. Prop. and Power},
    year = 1982,
    volume = 5,
    pages = {828-837},
}

@inproceedings{smitty,
    author = {T. M. Smitty and R. L. Coach and F. B. H\"ondra},
    title = {Unsteady flow in simulated solid rocket motors},
    booktitle = {16st Aerospace Sciences Meeting},
    publisher = {AIAA},
    number = 0112,
    series = 78,
    year = 1978,
}

@inproceedings{taum,
    author = {Joseph D. Taum},
    title = {Investigation of flow turning phenomenon},
    booktitle = {20th Aerospace Sciences Meeting},
    publisher = {AIAA},
    number = 0297,
    series = 82,
    year = 1982,
}

@article{zeddini,
    author = {Robert A. Zeddini},
    title = {Injection-induced flows in porous-walled ducts},
    journal = {AIAA Journal},
    year = 1981,
    volume = 14,
    pages = {766-773},
}
